@misc{,
  author = {},
  title = {\textit{â€¢}},
  howpublished = "\url{}",
  note = "[Accedido el ]"
  }

   @Book{,
  title = {},
  author = {},
  publisher = {},
  key = {},
  edition = {},
  }

@misc{WinNsaT,
	title = {{MS Windows NT} Kernel Description},
	howpublished = {\url{http://web.archive.org/web/20080207010024/http://www.808multimedia.com/winnt/kernel.htm}},
	note = {Accessed: 2010-09-30}
}

@online{WinNT,
	author = {MultiMedia LLC},
	title = {{MS Windows NT} Kernel Description},
	year = 1999,
	url = {http://web.archive.org/web/20080207010024/http://www.808multimedia.com/winnt/kernel.htm},
	urldate = {2010-09-30}
}
    
@Book{softIng1Book,
author = {Jenkins, Nick},
title = {A Software Testing Primer: An Introduction to Software Testing.},
year = {2008},

}
@misc{softIng2Book,
title = {\textit{Applying Agile Methods to Embedded Systems Development}},
author = {Doug Dahlby,PhD},  
year = {2008},
howpublished ={\url{http://web.archive.org/web/20080207010024}},
note = {Accedido: 07/03/2016}
}
